<collection xmlns="http://www.loc.gov/MARC21/slim">
<record>
  <leader>03656nam0a2200601 i 450 </leader>
  <controlfield tag="001">IT\ICCU\CNCE\003216</controlfield>
  <controlfield tag="005">20070820000000.0</controlfield>
  <datafield tag="012" ind1=" " ind2=" ">
    <subfield code="a">u&amp;e: i.e: o-ut casu (C) 1502 (R)</subfield>
    <subfield code="2">fei</subfield>
  </datafield>
  <datafield tag="100" ind1=" " ind2=" ">
    <subfield code="a">19970101d1502        0itac0103    ba</subfield>
  </datafield>
  <datafield tag="101" ind1=" " ind2=" ">
    <subfield code="a">LAT</subfield>
  </datafield>
  <datafield tag="102" ind1=" " ind2=" ">
    <subfield code="a">IT</subfield>
  </datafield>
  <datafield tag="200" ind1="1" ind2=" ">
    <subfield code="a">Liber Hysagoge Ioannici, Liber Philareti de pulsibus, Liber Theophili de urinis, Liber Aphorismorum Hypo. cum antiqua translatione et noua Theodori Gaze elegantissima, Liber pronosticorum Hypocratis, Liber Tegni Gal., Liber aphorismorum Damasceni, Flosculi medicina ex Cornelio Celso extracti, Collectio aphorismorum Hipo. ad unamquamque egritudinem pertinentium</subfield>
  </datafield>
  <datafield tag="210" ind1=" " ind2=" ">
    <subfield code="e">Impressum Venetiis</subfield>
    <subfield code="g">per Ioannem et Gregorium de Gregoriis fratres</subfield>
    <subfield code="h">1502 die xxi Iunij</subfield>
  </datafield>
  <datafield tag="215" ind1=" " ind2=" ">
    <subfield code="a">\96! c.</subfield>
    <subfield code="d">8ʻ</subfield>
  </datafield>
  <datafield tag="500" ind1="1" ind2="1">
    <subfield code="3">IT\ICCU\CNCE\003217</subfield>
    <subfield code="a">Articella</subfield>
  </datafield>
  <datafield tag="620" ind1=" " ind2=" ">
    <subfield code="a">IT</subfield>
    <subfield code="d">Venezia</subfield>
  </datafield>
  <datafield tag="702" ind1=" " ind2="1">
    <subfield code="a">Galenus,</subfield>
    <subfield code="b">Claudius</subfield>
    <subfield code="3">IT\ICCU\CNCA\000093</subfield>
  </datafield>
  <datafield tag="702" ind1=" " ind2="0">
    <subfield code="a">Hunain Ibn Ishaq</subfield>
    <subfield code="3">IT\ICCU\CNCA\000095</subfield>
  </datafield>
  <datafield tag="702" ind1=" " ind2="0">
    <subfield code="a">Hippocrates</subfield>
    <subfield code="3">IT\ICCU\CNCA\000096</subfield>
  </datafield>
  <datafield tag="702" ind1=" " ind2="1">
    <subfield code="a">Gaza,</subfield>
    <subfield code="b">Theodorus</subfield>
    <subfield code="3">IT\ICCU\CNCA\000101</subfield>
  </datafield>
  <datafield tag="702" ind1=" " ind2="0">
    <subfield code="a">Theophilus</subfield>
    <subfield code="c"> : Protospatharius</subfield>
    <subfield code="3">IT\ICCU\CNCA\000314</subfield>
  </datafield>
  <datafield tag="702" ind1=" " ind2="1">
    <subfield code="a">Celsus,</subfield>
    <subfield code="b">Aulus Cornelius</subfield>
    <subfield code="3">IT\ICCU\CNCA\002904</subfield>
  </datafield>
  <datafield tag="702" ind1=" " ind2="0">
    <subfield code="a">Mesue</subfield>
    <subfield code="c"> &lt;ca. 777-857&gt;</subfield>
    <subfield code="3">IT\ICCU\CNCA\008177</subfield>
  </datafield>
  <datafield tag="712" ind1="0" ind2="0">
    <subfield code="a">De_Gregori, Giovanni &amp; De_Gregori, Gregorio</subfield>
    <subfield code="3">IT\ICCU\CNCT\000402</subfield>
    <subfield code="4">650</subfield>
  </datafield>
  <datafield tag="790" ind1=" " ind2="1">
    <subfield code="a">Galeno,</subfield>
    <subfield code="b">Claudio</subfield>
    <subfield code="3">IT\ICCU\CNCA\014027</subfield>
    <subfield code="z">Galenus, Claudius</subfield>
  </datafield>
  <datafield tag="790" ind1=" " ind2="0">
    <subfield code="a">Galeno</subfield>
    <subfield code="3">IT\ICCU\CNCA\025929</subfield>
    <subfield code="z">Galenus, Claudius</subfield>
  </datafield>
  <datafield tag="790" ind1=" " ind2="0">
    <subfield code="a">Ioannitius</subfield>
    <subfield code="3">IT\ICCU\CNCA\014451</subfield>
    <subfield code="z">Hunain Ibn Ishaq</subfield>
  </datafield>
  <datafield tag="790" ind1=" " ind2="1">
    <subfield code="a">Honein ibn Ishq́,</subfield>
    <subfield code="b">al_Ibadi</subfield>
    <subfield code="3">IT\ICCU\CNCA\014452</subfield>
    <subfield code="z">Hunain Ibn Ishaq</subfield>
  </datafield>
  <datafield tag="790" ind1=" " ind2="0">
    <subfield code="a">Hunayn ibn Ishaq Abu Zayd al-Ibadi</subfield>
    <subfield code="3">IT\ICCU\CNCA\014453</subfield>
    <subfield code="z">Hunain Ibn Ishaq</subfield>
  </datafield>
  <datafield tag="790" ind1=" " ind2="0">
    <subfield code="a">Joannicius</subfield>
    <subfield code="3">IT\ICCU\CNCA\016232</subfield>
    <subfield code="z">Hunain Ibn Ishaq</subfield>
  </datafield>
  <datafield tag="790" ind1=" " ind2="0">
    <subfield code="a">Hippokrates</subfield>
    <subfield code="3">IT\ICCU\CNCA\005430</subfield>
    <subfield code="z">Hippocrates</subfield>
  </datafield>
  <datafield tag="790" ind1=" " ind2="0">
    <subfield code="a">Ippocrate</subfield>
    <subfield code="c"> : di#Cos</subfield>
    <subfield code="3">IT\ICCU\CNCA\014391</subfield>
    <subfield code="z">Hippocrates</subfield>
  </datafield>
  <datafield tag="790" ind1=" " ind2="1">
    <subfield code="a">Gazes,</subfield>
    <subfield code="b">Theodoros</subfield>
    <subfield code="3">IT\ICCU\CNCA\008766</subfield>
    <subfield code="z">Gaza, Theodorus</subfield>
  </datafield>
  <datafield tag="790" ind1=" " ind2="1">
    <subfield code="a">Gaza,</subfield>
    <subfield code="b">Teodoro</subfield>
    <subfield code="3">IT\ICCU\CNCA\014082</subfield>
    <subfield code="z">Gaza, Theodorus</subfield>
  </datafield>
  <datafield tag="790" ind1=" " ind2="0">
    <subfield code="a">Philotheus</subfield>
    <subfield code="3">IT\ICCU\CNCA\014825</subfield>
    <subfield code="z">Theophilus : Protospatharius</subfield>
  </datafield>
  <datafield tag="790" ind1=" " ind2="0">
    <subfield code="a">Philotheos</subfield>
    <subfield code="c"> : Protosphatharios</subfield>
    <subfield code="3">IT\ICCU\CNCA\023124</subfield>
    <subfield code="z">Theophilus : Protospatharius</subfield>
  </datafield>
  <datafield tag="790" ind1=" " ind2="0">
    <subfield code="a">Theophilus</subfield>
    <subfield code="c"> &lt;medico&gt;</subfield>
    <subfield code="3">IT\ICCU\CNCA\023127</subfield>
    <subfield code="z">Theophilus : Protospatharius</subfield>
  </datafield>
  <datafield tag="790" ind1=" " ind2="0">
    <subfield code="a">Thǒphile</subfield>
    <subfield code="c"> : Protospathaire</subfield>
    <subfield code="3">IT\ICCU\CNCA\023128</subfield>
    <subfield code="z">Theophilus : Protospatharius</subfield>
  </datafield>
  <datafield tag="790" ind1=" " ind2="1">
    <subfield code="a">Celsus,</subfield>
    <subfield code="b">Aurelius Cornelius</subfield>
    <subfield code="3">IT\ICCU\CNCA\013132</subfield>
    <subfield code="z">Celsus, Aulus Cornelius</subfield>
  </datafield>
  <datafield tag="790" ind1=" " ind2="1">
    <subfield code="a">Ibn Masawaih,</subfield>
    <subfield code="b">Yahya</subfield>
    <subfield code="3">IT\ICCU\CNCA\008780</subfield>
    <subfield code="z">Mesue &lt;ca. 777-857&gt;</subfield>
  </datafield>
  <datafield tag="790" ind1=" " ind2="1">
    <subfield code="a">Ibn Masawaih,</subfield>
    <subfield code="b">Abu Zakariya Yuhanna</subfield>
    <subfield code="3">IT\ICCU\CNCA\021234</subfield>
    <subfield code="z">Mesue &lt;ca. 777-857&gt;</subfield>
  </datafield>
  <datafield tag="790" ind1=" " ind2="1">
    <subfield code="a">Ibn Masawaih,</subfield>
    <subfield code="b">Yuhanna</subfield>
    <subfield code="3">IT\ICCU\CNCA\021235</subfield>
    <subfield code="z">Mesue &lt;ca. 777-857&gt;</subfield>
  </datafield>
  <datafield tag="790" ind1=" " ind2="0">
    <subfield code="a">Mesue</subfield>
    <subfield code="c"> &lt;il vecchio&gt;</subfield>
    <subfield code="3">IT\ICCU\CNCA\029797</subfield>
    <subfield code="z">Mesue &lt;ca. 777-857&gt;</subfield>
  </datafield>
  <datafield tag="791" ind1="0" ind2="0">
    <subfield code="a">Gregoriis, Ioannes de &amp; Gregoriis, Gregorius de</subfield>
    <subfield code="3">IT\ICCU\CNCT\003747</subfield>
    <subfield code="z">De_Gregori, Giovanni &amp; De_Gregori, Gregorio</subfield>
  </datafield>
  <datafield tag="791" ind1="0" ind2="2">
    <subfield code="a">Gregorii fratres</subfield>
    <subfield code="3">IT\ICCU\CNCT\003748</subfield>
    <subfield code="z">De_Gregori, Giovanni &amp; De_Gregori, Gregorio</subfield>
  </datafield>
  <datafield tag="801" ind1=" " ind2="3">
    <subfield code="a">IT</subfield>
    <subfield code="b">ICCU</subfield>
    <subfield code="c">20201113</subfield>
  </datafield>
  <datafield tag="899" ind1=" " ind2=" ">
    <subfield code="a">Biblioteca nazionale centrale. Firenze</subfield>
    <subfield code="1">FI0098</subfield>
    <subfield code="2">CFI CF</subfield>
  </datafield>
  <datafield tag="899" ind1=" " ind2=" ">
    <subfield code="a">Biblioteche del Polo di medicina legale, anatomia patologica e storia della medicina dell&apos;Universit ̉degli Studi di Padova. Padova</subfield>
    <subfield code="1">PD0403</subfield>
    <subfield code="2">PUV 43</subfield>
  </datafield>
  <datafield tag="899" ind1=" " ind2=" ">
    <subfield code="a">Biblioteca comunale Augusta. Perugia</subfield>
    <subfield code="1">PG0109</subfield>
    <subfield code="2">UM1 01</subfield>
  </datafield>
  <datafield tag="899" ind1=" " ind2=" ">
    <subfield code="a">Biblioteca Angelica. Roma</subfield>
    <subfield code="1">RM0290</subfield>
    <subfield code="2">RML 06</subfield>
  </datafield>
  <datafield tag="899" ind1=" " ind2=" ">
    <subfield code="a">Biblioteca Casanatense. Roma</subfield>
    <subfield code="1">RM0313</subfield>
    <subfield code="2">RML 07</subfield>
  </datafield>
  <datafield tag="899" ind1=" " ind2=" ">
    <subfield code="a">Biblioteca comunale degli Intronati. Siena</subfield>
    <subfield code="1">SI0046</subfield>
    <subfield code="2">RT1 QI</subfield>
  </datafield>
  <datafield tag="899" ind1=" " ind2=" ">
    <subfield code="a">Biblioteca provinciale Melchiorre Delfico. Teramo</subfield>
    <subfield code="z">MUTILO</subfield>
    <subfield code="1">TE0024</subfield>
    <subfield code="2">ABR R1</subfield>
  </datafield>
</record>
</collection>
